@article{1975Multidimensional,
  title={Multidimensional binary search trees used for associative searching},
  author={ Bentley, Jon L. },
  journal={Communications of the ACM},
  volume={18},
  number={9},
  pages={509-517},
  year={1975},
}

@article{jensen2000practical,
  title={A practical guide to global illumination using photon maps},
  author={Jensen, Henrik Wann and Christensen, Niels J{\o}rgen},
  journal={SIGGRAPH 2000 Course Notes CD-ROM},
  year={2000}
}

@article{fleisz2009photon,
  title={Photon Mapping on the GPU},
  author={Fleisz, Martin},
  journal={Master's thesis, School of Informatics, University of Edinburgh},
  year={2009},
  publisher={Citeseer}
}

@article{gupte2011real,
  title={Real-time photon mapping on gpu},
  author={Gupte, Sanket},
  journal={University of Maryland Baltimore County},
  year={2011}
}

@article{fujita2014foveated,
  title={Foveated real-time ray tracing for virtual reality headset},
  author={Fujita, Masahiro and Harada, Takahiro},
  journal={Poster, SIGGRAPH Asia},
  volume={14},
  year={2014}
}

@inproceedings{2003Photon,
  title={Photon mapping on programmable graphics hardware},
  author={ Purcell, Timothy J.  and  Donner, Craig  and  Cammarano, Mike  and  Jensen, Henrik Wann  and  Hanrahan, Pat },
  booktitle={Graphics Hardware 2003},
  year={2003},
}

@article{2010OptiX,
  title={OptiX: a general purpose ray tracing engine},
  author={ Parker, Steven Gregory  and  Bigler, James  and  Dietrich, Andreas  and  Friedrich, Heiko  and  Hoberock, Jared  and  Luebke, David Patrick  and  Mcallister, David Kirk  and  Mcguire, Morgan  and  Morley, Keith  and  Robison, Austin  and },
  journal={ACM Transactions on Graphics (TOG)},
  year={2010},
}

@book{GlobalIllumination, 
  author ="秦春林", 
  year="2018", 
  title="全局光照技术：从离线到实时渲染", 
  publisher ="电子科技大学出版社" 
} 

@article{ARVO1986Backward,
  title={Backward Ray Tracing},
  author={ARVO,J},
  journal={SIG-GRAPH'86 course notes},
  volume={18},
  number={15},
  pages={259--263},
  year={1986},
}

@inproceedings{Jensen1996Global,
  title={Global Illumination using Photon Maps},
  author={Jensen, Henrik Wann},
  booktitle={Rendering Techniques 96, Eurographics Workshop in Porto, Portugal, August},
  year={1996},
}

@inproceedings{gross2019fast,
  title={Fast and Efficient Nearest Neighbor Search for Particle Simulations.},
  author={Gro{\ss}, Julian and K{\"o}ster, Marcel and Kr{\"u}ger, Antonio},
  booktitle={CGVC},
  pages={55--63},
  year={2019}
}

@misc{biasControl,
  title={光子映射中的偏差控制方法},
  author={李胜 and 孟洋 and 汪国平},
  year={2018},
}